4334 5730
796 701 987 809 ‚rustontrs
1012 743 1240 816 neccotxrx
1266 772 1311 789 -
1338 745 1413 808 ntor
1599 742 1608 745 “
1729 764 1775 836 ²9

433 938 521 1018 με.
541 912 687 988 Tabula
703 911 847 984 alteriue
859 916 977 1006 partin
987 909 1140 985 thesauri
1152 915 1241 989 novi
1258 915 1303 987 de
1317 914 1444 986 sanctis
1456 912 1583 990 scilicet
1595 940 1662 1012 pro
1677 943 1770 1015 quo·

431 1031 520 1104 libet
538 1054 712 1105 numero,
736 1046 772 1100 ct
790 1046 957 1124 quottam
978 1030 1242 1105 sermonumex
1257 1034 1383 1106 ordine
1399 1032 1462 1104 suo
1482 1036 1678 1109 certificans
1692 1036 1771 1108 sub·

430 1149 589 1244 seqnitur
614 1188 660 1202 —
679 1147 743 1222 sol.
764 1172 801 1236 3.
819 1171 854 1229 a.
869 1150 1044 1244 incipiunt
1059 1148 1244 1223 sermones
1265 1148 1445 1223 notabiles
1460 1167 1534 1232 etc,
1557 1155 1593 1226 in
1610 1153 1681 1224 fine
1697 1126 1778 1236 fot

430 1268 495 1346 ult.
514 1265 576 1339 lin.
592 1283 653 1362 39.
675 1288 768 1359 opor
785 1267 940 1361 perutile
958 1265 1165 1339 sermonum
1183 1266 1230 1340 de
1245 1265 1372 1339 sanctie
1393 1290 1458 1362 per
1478 1271 1647 1342 circulum
1668 1273 1770 1342 anni.

428 1380 631 1455 Thesaurus
658 1405 778 1453 novun
804 1399 1048 1476 nuncupatum
1080 1398 1117 1455 et
1143 1380 1349 1481 impressum
1381 1390 1619 1482 Argentinoe.
1655 1388 1766 1458 Anno

322 1472 324 1477 Ι
427 1501 569 1575 domini
584 1497 959 1581 MCCCCLXXXV.
977 1502 1053 1574 linit
1067 1500 1229 1576 feliciter.
1254 1499 1361 1585 Cher,
1373 1501 1474 1601 goth.
1493 1526 1574 1577 curn
1595 1501 1767 1600 signsoll.

425 1630 509 1707 298.
526 1641 599 1691 non
617 1639 716 1694 num.
732 1618 798 1690 lin.
814 1617 872 1702 46.
894 1616 959 1690 iol.
975 1619 1061 1691 min.
1174 1702 1183 1708 „

612 1872 734 1929 pomi
750 1863 847 1927 rouel.
870 1871 980 1937 typogr.
997 1863 1035 1927 Τ,
1061 1879 1088 1926 ι.
1107 1879 1138 1937 p.
1165 1879 1224 1933 ²7.
1243 1880 1272 1933 n,
1291 1865 1347 1937 ⁶7.

518 2113 579 2190 4³9.
603 2130 653 2149 -
674 2095 850 2190 Hngonis
874 2118 897 2163 a
911 2090 1051 2186 fimeto
1073 2089 1231 2169 Victore
1248 2089 1294 2163 de
1319 2087 1547 2165 sacramentis
1568 2091 1652 2164 fidei
1672 2089 1765 2167 liber

421 2209 598 2284 secundun
614 2248 663 2265 -
689 2211 757 2282 sol.
788 2236 819 2281 ι.
844 2210 970 2304 incipit
989 2204 1275 2302 praefatiuncula
1293 2209 1328 2278 in
1351 2208 1482 2280 librum
1501 2207 1694 2282 secundum
1717 2208 1766 2282 de
1866 2260 1868 2266 ι

420 2306 648 2400 lacrimentie
664 2326 747 2399 fidei
768 2324 972 2398 christianae
988 2359 1038 2376 —-
1055 2320 1317 2422 infraexplicit
1331 2322 1522 2424 prologus.
1539 2327 1607 2399 col.
1635 2350 1669 2406 π.
1688 2324 1765 2398 Ta·
1844 2363 1848 2370 ·

404 2446 505 2518 ·bula
523 2458 789 2519 contentorum.
806 2443 869 2516 sol.
893 2460 928 2529 4.
943 2439 1036 2513 liber
1052 2438 1283 2514 secundusde
1302 2443 1561 2518 incarnatione·
1578 2445 1658 2517 finit
1682 2465 1765 2516 cum

419 2576 523 2659 parte
543 2563 683 2634 decima
704 2576 836 2633 octava
855 2563 970 2655 partie
990 2558 1179 2633 secundae.
1204 2559 1371 2631 Demum
1389 2560 1452 2632 fol.
1467 2562 1534 2634 ult.
1549 2562 1612 2635 lin.
1629 2585 1693 2657 33.
1703 2584 1765 2634 ex·-

417 2680 566 2774 pliciunt
583 2678 777 2750 sententiae
792 2677 873 2765 libri
891 2675 1032 2748 secundi
1054 2676 1207 2772 magistri
1223 2678 1400 2773 Hugonis
1413 2675 1597 2770 destructo
1609 2677 1763 2749 Victore

416 2795 465 2867 de
484 2800 732 2868 incarnatione
751 2792 855 2866 verbi
871 2808 907 2864 et
923 2794 969 2865 de
985 2793 1217 2888 sacramentis
1240 2796 1330 2878 novi
1351 2791 1551 2864 tesamenti
1578 2816 1695 2890 usque
1715 2796 1764 2868 ad

415 2912 526 2985 finem
545 2928 581 2982 et
602 2911 951 2985 consummationem
972 2896 1303 2985 omniumseliciter
1321 2907 1475 3004 imprelli
1502 2907 1581 2981 sunt
1609 2910 1660 2981 illi
1684 2911 1758 2983 duo

415 3027 497 3103 libri
514 3031 757 3126 Argentinae.
781 3031 893 3099 Anno
913 3028 1052 3099 domini
1063 3025 1418 3101 MCCCCLXXXV.
1434 3028 1522 3098 finiti
1538 3026 1574 3096 in
1586 3026 1645 3100 die
1663 3027 1762 3098 sanc·

415 3148 749 3247 torummartirnm
774 3145 907 3217 Abdon
947 3157 985 3214 et
1013 3144 1162 3225 Senner.
1196 3131 1301 3213 Char.
1320 3139 1424 3238 goth.
1443 3166 1525 3214 eum
1541 3144 1626 3239 sign.
1643 3145 1759 3244 epigr,

419 3267 487 3338 litt.
505 3263 634 3361 initiat,
649 3258 794 3349 majusc.
816 3265 885 3337 col.
907 3287 939 3338 2.
960 3263 1041 3344 fott.
1059 3283 1133 3334 non
1149 3255 1235 3354 fign.
1257 3275 1313 3345 87·
1329 3260 1390 3333 lin.
1408 3283 1471 3349 47.

604 3508 840 3587 parturierunt,
861 3518 975 3584 typogr,
992 3508 1032 3574 Τ,
1062 3525 1091 3567 ι.
1111 3523 1143 3580 p,
1168 3522 1224 3575 η.
1243 3522 1271 3567 ιι.
1296 3521 1352 3574 7¹·
1370 3503 1465 3561 Brenn
1489 3503 1523 3560 Ρ.
1548 3504 1589 3567 11.
1610 3523 1641 3580 p.
1678 3520 1757 3576 ¹¹4·

506 3759 569 3830 50·
592 3772 643 3790 ·-
667 3734 855 3806 Antonini
871 3728 1129 3826 archiepiscopi
1148 3728 1331 3803 florentini
1350 3727 1514 3801 summae
1528 3726 1756 3826 theologicae

413 3855 506 3927 tomi
523 3846 589 3925 IV.
606 3853 641 3922 in
659 3851 791 3926 fronte.
810 3851 888 3925 vol.
911 3871 943 3920 t.
966 3850 1097 3919 Primo
1118 3868 1210 3937 porr
1236 3843 1399 3914 summae
1425 3843 1626 3924 Antonini.
1659 3845 1755 3918 Huic
1857 3849 1859 3852 ’

412 3968 601 4066 praecedit
617 3969 792 4064 prologur
814 3987 896 4037 curn
917 3962 1048 4036 tabulis
1066 3956 1278 4055 specialibus
1300 3960 1408 4029 totins
1421 3957 1560 4030 summe
1569 3961 1756 4034 Antonini

411 4086 529 4159 insol.
546 4111 607 4175 97.
624 4083 669 4154 ad
690 4084 826 4155 calcem
845 4083 939 4154 tomi
965 4081 1075 4176 primi
1093 4078 1158 4156 tin.
1176 4094 1235 4163 44„
1249 4075 1327 4146 linit
1344 4076 1462 4169 prime
1479 4082 1590 4170 partit
1609 4074 1752 4153 summe

411 4204 550 4277 domini
566 4203 753 4282 Antonini
783 4196 1044 4273 archiantistitis
1069 4195 1344 4267 florentinorum
1366 4191 1488 4266 debite
1511 4216 1594 4266 cura
1610 4211 1647 4268 et
1664 4219 1752 4291 ope·

398 4334 450 4395 'ra
480 4318 815 4416 (quemadmodum
843 4330 882 4389 et
907 4330 979 4390 trec
1007 4311 1173 4410 ejurdem
1199 4326 1323 4407 parter
1352 4310 1558 4407 sequentes)
1581 4313 1660 4411 poli
1687 4294 1770 4386 nn·'

412 4462 480 4536 per
504 4438 616 4510 suetae
649 4438 888 4509 correctiones
931 4434 1053 4506 denuo
1094 4429 1301 4505 emendate.
1346 4433 1458 4504 Anno
1498 4434 1589 4529 legin
1635 4434 1750 4529 gratie

345 4645 346 4648 p
413 4548 1750 4650 MCCCCLXXXVAecimoKalendatrlprilirloll.377.-SummeAn·
