4334 5730
404 762 452 830 ³0
506 717 508 723 ’
618 748 757 804 securo
782 747 909 802 curun
935 745 1100 809 conum.
1123 743 1263 802 uranos
1289 743 1390 801 nuru
1414 745 1528 805 uom

410 918 818 1014 toninipnrssccnntio.
851 914 1065 988 Proemium
1090 937 1172 986 cum
1191 914 1323 987 tabula
1341 917 1407 995 sol.
1431 941 1465 990 c.
1491 916 1607 988 -ad
1631 917 1741 991 finem
1813 987 1815 991 ,

381 1073 384 1079 ·
408 1040 502 1108 tomi
526 1034 668 1108 secundi
689 1037 752 1107 ult.
770 1034 836 1105 fot.
856 1055 940 1122 322.
960 1036 1023 1107 lin.
1039 1056 1101 1121 47.
1126 1056 1221 1127 opus
1239 1031 1309 1103 hoc
1326 1034 1597 1107 celeberrimum
1620 1033 1742 1107 secun·

410 1156 480 1226 dae
497 1156 608 1248 partis
625 1152 724 1223 beati
745 1151 932 1222 Antonini
953 1189 1001 1203 -
1019 1150 1204 1223 moraliter
1228 1172 1342 1250 agent
1360 1154 1406 1223 dc
1426 1155 1567 1249 singulis
1582 1154 1683 1223 vitiis
1707 1156 1743 1223 in

408 1270 700 1368 particulari‘per
728 1268 878 1338 modum
902 1267 1157 1363 predicationis
1184 1291 1226 1338 ac
1257 1270 1431 1344 doctrine.
1463 1270 1629 1341 Fratrum
1649 1274 1757 1341 anno‘

270 1418 278 1432 r
412 1380 651 1488 ChrssiJcfit'.
679 1383 754 1456 MC
761 1383 791 1456 C
798 1381 1057 1456 CCLXXXV.
1075 1384 1191 1478 pridie
1209 1384 1514 1458 nonacJanuariae
1530 1389 1676 1482 explicit
1693 1387 1747 1458 sc·

413 1506 537 1576 liciter.
555 1528 603 1559 ·-
632 1507 764 1576 Tertio
777 1527 867 1597 porc
882 1505 992 1573 totius
1012 1500 1155 1572 summe
1171 1503 1356 1574 Antonini
1373 1489 1579 1601 prolognr;
1607 1500 1747 1597 absque

414 1622 559 1706 tabula,
585 1623 620 1688 in
645 1621 716 1691 fine
737 1621 827 1691 tomi
853 1620 969 1704 tertii,
994 1619 1055 1687 lin.
1069 1641 1128 1711 37.
1152 1633 1231 1689 acta
1250 1618 1297 1690 cll
1316 1618 1499 1715 haecparr
1515 1620 1653 1721 summe
1681 1619 1748 1693 do·

413 1741 502 1809 mini
521 1740 707 1808 Antonini
725 1740 829 1808 tertia
843 1733 1112 1806 laboriostllime
1134 1733 1231 1809 haud
1249 1738 1398 1811 dubium
1414 1738 1536 1810 denno
1556 1736 1751 1832 reviscan-

412 1879 462 1927 no
492 1854 629 1927 noslrae
664 1851 784 1924 salutis
813 1852 987 1923 milesrmo
1018 1853 1363 1948 quadringentesimo
1383 1856 1601 1951 octogesimo
1622 1856 1751 1948 quinto
1877 1860 1878 1863 ’
1924 1839 1932 1855 ’

317 1981 319 1983 ’
411 1971 597 2044 Kalendas
609 1969 802 2042 vcroJunii
819 1967 1451 2065 Xll.-dcintabulageneralissoll.
1469 1987 1612 2060 447.—
1627 1970 1754 2065 Quor·

416 2102 457 2162 ta
473 2090 688 2185 porstotius
706 2086 845 2159 summe
864 2092 1051 2158 Antonini
1060 2110 1072 2159 t
1096 2087 1221 2179 incipit
1249 2109 1332 2159 cnm
1360 2091 1530 2182 proemio
1560 2102 1600 2158 et
1628 2087 1754 2160 nbula

416 2206 638 2301 generali-
662 2208 696 2272 in
714 2206 785 2273 fine
802 2207 892 2274 tomi
910 2207 1026 2297 quarti
1045 2204 1112 2273 fol.
1131 2206 1193 2277 ult.
1209 2208 1297 2291 337²·
1319 2206 1382 2276 lin.
1411 2228 1471 2292 27.
1496 2202 1569 2275 hoc
1593 2202 1755 2298 praecla-¹

416 2318 588 2392 rilllmum
611 2342 703 2415 opus
723 2332 847 2412 quarte
869 2319 979 2413 partis
996 2316 1137 2389 summe
1161 2320 1347 2389 Antonini
1365 2321 1534 2404 (tractans
1553 2320 1598 2391 de
1620 2325 1756 2398 virtute

371 2444 380 2461 ”
418 2441 456 2511 ἱη
474 2459 607 2534 genere
625 2451 734 2530 atquc
750 2439 785 2506 in
801 2419 984 2530 specie'de
1003 2436 1119 2532 gratia
1138 2433 1262 2504 divina
1284 2451 1323 2506 ct
1349 2435 1451 2506 donia
1478 2437 1621 2532 spiritus
1647 2437 1757 2511 sancti

417 2555 630 2660 interposuit
653 2550 1018 2624 innummcrabilibue
1037 2552 1117 2621 aliis
1137 2551 1244 2622 valde
1263 2552 1410 2627 utilibus
1433 2561 1626 2651 praecipue
1645 2556 1690 2627 de
1706 2557 1756 2627 in·

418 2687 596 2744 temerata
617 2668 808 2743 christifera
827 2685 863 2740 et
880 2666 1034 2766 gloriosa
1060 2671 1199 2764 virgine
1216 2667 1355 2758 Maria,
1389 2671 1435 2740 dc
1460 2670 1680 2763 antichristo,
1705 2673 1759 2743 in·

417 2790 542 2878 serno,
562 2789 798 2884 purgatorio,
815 2787 912 2858 finali
926 2786 1060 2872 judicio
1078 2803 1145 2857 etc.
1172 2803 1210 2857 ut
1220 2788 1380 2881 triplices
1396 2792 1473 2876 ejus
1490 2789 1633 2859 tabulae
1648 2811 1759 2883 quam

417 2903 723 2976 clareollendunt.
748 2904 882 2980 Actum
909 2925 1007 2976 anno
1024 2903 1148 2977 salutis
1168 2901 1543 2976 MCCCCLXXXV.
1567 2904 1761 2975 undecimo
1891 2969 1893 2973 ,

419 3018 603 3092 Kalendae
626 3018 746 3090 Martii
771 3019 857 3091 finit.
886 3018 1053 3093 feliciter.
1088 3018 1194 3092 Char.
1214 3018 1317 3114 gotlr.
1345 3042 1429 3092 cum
1444 3022 1529 3119 sign.
1557 3022 1673 3121 epigr.
1689 3021 1758 3095 litt.

420 3137 547 3235 quadr.
566 3138 642 3217 init.
663 3137 743 3216 foll.
761 3157 835 3208 non
852 3134 937 3233 sign.
953 3157 1041 3228 372.
1060 3136 1128 3213 col.
1153 3160 1186 3213 a.
1207 3136 1267 3213 lin.
1289 3143 1350 3227 5⁶·
1371 3136 1398 3214 s.

618 3378 737 3432 Panzen·
753 3383 851 3443 annal.
871 3391 982 3456 typogr.
1001 3386 1048 3448 u<
1062 3397 1095 3451 4.
1115 3403 1148 3459 p,
1164 3388 1228 3457 [36.
1249 3404 1281 3449 ¹¹0
1306 3396 1389 3456 ²78·

520 3629 583 3702 5¹·
607 3641 656 3659 -
680 3606 795 3680 Ponli
812 3606 856 3677 de
873 3604 999 3704 Castro
1025 3608 1189 3683 consiliat
1215 3609 1341 3704 incipit
1365 3604 1489 3680 tabula
1518 3605 1654 3705 duplex
1680 3632 1763 3682 ver·

426 3723 487 3798 bio
513 3727 629 3797 abhas
655 3738 692 3795 et
719 3719 846 3817 absens
869 3723 935 3796 sol.
955 3743 1019 3819 32.
1064 3728 1247 3799 consilium
1271 3727 1431 3822 primum
1451 3726 1480 3806 s.
1499 3752 1559 3816 33.
1592 3725 1631 3798 Si
1651 3726 1763 3801 abbae

427 3844 615 3916 confitetur
631 3879 679 3897 -
696 3844 785 3916 finit.
809 3841 953 3914 confilio
968 3855 1054 3941 398.
1078 3842 1145 3917 sol.
1162 3844 1368 3940 penultimo
1393 3843 1428 3915 b.
1451 3845 1513 3916 lin·
1527 3868 1592 3937 37.
1626 3844 1765 3940 Siquis

426 3985 547 4033 rerum
567 3964 730 4033 omnium
743 3975 887 4032 naturas
899 3959 1143 4054 perspexerit,
1162 3983 1461 4056 unamquamque
1479 3986 1552 4032 non
1571 3965 1687 4032 minua
1703 3960 1766 4032 sub

353 4094 358 4102 ’
426 4076 574 4162 ordine,
609 4097 720 4168 quam
750 4076 911 4167 partibus
938 4072 1096 4147 constare
1121 4075 1226 4145 facilc
1247 4077 1427 4168 intelliget
1456 4088 1526 4143 etc.
1554 4075 1631 4145 ficri
1652 4078 1764 4145 ctiam
1853 4108 1857 4115 ·

427 4214 538 4263 unum
557 4191 815 4285 reintegratum
832 4193 1006 4265 volumen
1024 4188 1140 4287 (quod
1160 4191 1291 4260 merito
1311 4193 1551 4282 repertorium
1569 4192 1683 4261 Penii
1696 4191 1767 4263 Co·

413 4310 568 4409 strensts
595 4304 840 4402 appellamur)
854 4307 902 4374 ad
926 4304 1127 4379 faciliorem
1154 4305 1358 4378 doctrinam
1386 4304 1637 4400 capessendam
1669 4330 1768 4380 cura·

279 4427 280 4431 ’
429 4429 507 4513 vit,
533 4437 643 4519 atque
664 4419 830 4494 omnibus
856 4423 934 4509 ejus
954 4421 1428 4520 proseffionislmpollcrum
1446 4402 1767 4496 accommodatum

405 4568 408 4577 ·
430 4559 556 4642 patere
569 4540 721 4618 studuitc
747 4539 857 4640 idque
872 4538 1183 4636 impresoriaerte
1193 4543 1439 4640 Nurembcrgc
1454 4541 1500 4616 dc
1516 4542 1639 4623 mense
1649 4541 1766 4618 Octo·
